@book{bolfarine2001introduccao,
  title={Introdu{\c{c}}{\~a}o {\`a} Infer{\^e}ncia Estat{\'\i}stica},
  author={Bolfarine, Heleno and Sandoval, M{\^o}nica Carneiro},
  edition={2},
  year={2001},
  publisher={SBM}
}

@book{wasserman2004all,
  title={All of Statistics: a Concise Course in Statistical Inference},
  author={Wasserman, Larry},
  year={2004},
  publisher={Springer}
}